@article{Xu:2008th,
      author         = "Xu, Yichun and others",
      title          = "{Improving the dE/dx calibration of the STAR TPC for the high-pT hadron identification}",
      journal        = "Nucl. Instrum. Meth.",
      volume         = "A614",
      year           = "2010",
      pages          = "28-33",
      doi            = "10.1016/j.nima.2009.12.011",
      eprint         = "0807.4303",
      archivePrefix  = "arXiv",
      primaryClass   = "physics.ins-det",
      SLACcitation   = "%%CITATION = ARXIV:0807.4303;%%"
}
@article{Anonymous:Fn39WRWF,
  title = {{arXiv:1204.4244v3 [nucl-ex] 14 Oct 2012}},
  year = {2012},
  pages = {1--15},
  month = oct
}
